<collection xmlns="http://www.loc.gov/MARC21/slim">
<record>
  <leader>02252nam0a2200397 i 450 </leader>
  <controlfield tag="001">IT\ICCU\CNCE\017472</controlfield>
  <controlfield tag="005">20070306000000.0</controlfield>
  <datafield tag="012" ind1=" " ind2=" ">
    <subfield code="a">X.e- *.e. *.s. mine (3) 1520 (R)</subfield>
    <subfield code="2">fei</subfield>
  </datafield>
  <datafield tag="100" ind1=" " ind2=" ">
    <subfield code="a">19970101d1520        0itac0103    ba</subfield>
  </datafield>
  <datafield tag="101" ind1=" " ind2=" ">
    <subfield code="a">LAT</subfield>
  </datafield>
  <datafield tag="102" ind1=" " ind2=" ">
    <subfield code="a">IT</subfield>
  </datafield>
  <datafield tag="200" ind1="1" ind2=" ">
    <subfield code="a">Habes lector candidiss. hoc volumine fastorum librum seu Martyrologium. Diui Augustini regulam sacri pred. ord. instituta: rituum ecclesiasticorum seu sacrarum cerimoniarum libros duos</subfield>
  </datafield>
  <datafield tag="210" ind1=" " ind2=" ">
    <subfield code="e">Impressum in alma ciuitate Mediolani</subfield>
    <subfield code="g">per Ioannem Castellionensem ciuem Mediolanensem</subfield>
    <subfield code="h">die VI Septembris 1520</subfield>
  </datafield>
  <datafield tag="215" ind1=" " ind2=" ">
    <subfield code="a">\146!, LXXXXIII, \1! c.</subfield>
    <subfield code="d">4ʻ</subfield>
  </datafield>
  <datafield tag="620" ind1=" " ind2=" ">
    <subfield code="a">IT</subfield>
    <subfield code="d">Milano</subfield>
  </datafield>
  <datafield tag="710" ind1="0" ind2="2">
    <subfield code="a">Domenicani</subfield>
    <subfield code="3">IT\ICCU\CNCT\003443</subfield>
  </datafield>
  <datafield tag="702" ind1=" " ind2="1">
    <subfield code="a">Augustinus,</subfield>
    <subfield code="b">Aurelius</subfield>
    <subfield code="c"> &lt;santo&gt;</subfield>
    <subfield code="3">IT\ICCU\CNCA\004494</subfield>
  </datafield>
  <datafield tag="712" ind1="0" ind2="0">
    <subfield code="a">Castiglione, Giovanni</subfield>
    <subfield code="3">IT\ICCU\CNCT\000211</subfield>
    <subfield code="4">650</subfield>
  </datafield>
  <datafield tag="791" ind1="0" ind2="2">
    <subfield code="a">Ordo fratrum praedicatorum</subfield>
    <subfield code="3">IT\ICCU\CNCT\004887</subfield>
    <subfield code="z">Domenicani</subfield>
  </datafield>
  <datafield tag="791" ind1="0" ind2="2">
    <subfield code="a">Congregatio Lombardiae Ordinis Praedicatorum</subfield>
    <subfield code="3">15559</subfield>
    <subfield code="z">Domenicani</subfield>
  </datafield>
  <datafield tag="790" ind1=" " ind2="0">
    <subfield code="a">Frati del Terzo Ordine di S. Domenico</subfield>
    <subfield code="3">IT\ICCU\CNCA\018843</subfield>
    <subfield code="z">Domenicani</subfield>
  </datafield>
  <datafield tag="790" ind1=" " ind2="0">
    <subfield code="a">Predicatori</subfield>
    <subfield code="3">IT\ICCU\CNCA\018844</subfield>
    <subfield code="z">Domenicani</subfield>
  </datafield>
  <datafield tag="790" ind1=" " ind2="0">
    <subfield code="a">Agostino Aurelio</subfield>
    <subfield code="c"> &lt;santo&gt;</subfield>
    <subfield code="3">IT\ICCU\CNCA\018777</subfield>
    <subfield code="z">Augustinus, Aurelius &lt;santo&gt;</subfield>
  </datafield>
  <datafield tag="790" ind1=" " ind2="0">
    <subfield code="a">Aurelius Augustinus</subfield>
    <subfield code="c"> : Hipponensis</subfield>
    <subfield code="3">IT\ICCU\CNCA\018780</subfield>
    <subfield code="z">Augustinus, Aurelius &lt;santo&gt;</subfield>
  </datafield>
  <datafield tag="791" ind1="0" ind2="0">
    <subfield code="a">Castilioneus, Zanotus</subfield>
    <subfield code="3">IT\ICCU\CNCT\003664</subfield>
    <subfield code="z">Castiglione, Giovanni</subfield>
  </datafield>
  <datafield tag="791" ind1="0" ind2="0">
    <subfield code="a">Castelliono, Iohannes de</subfield>
    <subfield code="3">IT\ICCU\CNCT\004534</subfield>
    <subfield code="z">Castiglione, Giovanni</subfield>
  </datafield>
  <datafield tag="791" ind1="0" ind2="0">
    <subfield code="a">Castelliono, Zanotus de</subfield>
    <subfield code="3">IT\ICCU\CNCT\004535</subfield>
    <subfield code="z">Castiglione, Giovanni</subfield>
  </datafield>
  <datafield tag="791" ind1="0" ind2="0">
    <subfield code="a">Castione, Zanoto de</subfield>
    <subfield code="3">IT\ICCU\CNCT\004538</subfield>
    <subfield code="z">Castiglione, Giovanni</subfield>
  </datafield>
  <datafield tag="791" ind1="0" ind2="0">
    <subfield code="a">Castilione, Iohannetus de</subfield>
    <subfield code="3">IT\ICCU\CNCT\004539</subfield>
    <subfield code="z">Castiglione, Giovanni</subfield>
  </datafield>
  <datafield tag="791" ind1="0" ind2="2">
    <subfield code="a">Zanotto da Castiglione</subfield>
    <subfield code="3">IT\ICCU\CNCT\004540</subfield>
    <subfield code="z">Castiglione, Giovanni</subfield>
  </datafield>
  <datafield tag="801" ind1=" " ind2="3">
    <subfield code="a">IT</subfield>
    <subfield code="b">ICCU</subfield>
    <subfield code="c">20201114</subfield>
  </datafield>
  <datafield tag="899" ind1=" " ind2=" ">
    <subfield code="a">Biblioteca del Convento S. Bartolomeo. Bergamo</subfield>
    <subfield code="z">MUTILO</subfield>
    <subfield code="1">BG0041</subfield>
    <subfield code="2">ZBG 13</subfield>
  </datafield>
  <datafield tag="899" ind1=" " ind2=" ">
    <subfield code="a">Biblioteca comunale Malatestiana. Cesena</subfield>
    <subfield code="z">MUTILO</subfield>
    <subfield code="1">FC0011</subfield>
    <subfield code="2">RAV CS</subfield>
  </datafield>
  <datafield tag="899" ind1=" " ind2=" ">
    <subfield code="a">Biblioteca comunale Ariostea. Ferrara</subfield>
    <subfield code="z">MUTILO</subfield>
    <subfield code="1">FE0017</subfield>
    <subfield code="2">UFE AR</subfield>
  </datafield>
  <datafield tag="899" ind1=" " ind2=" ">
    <subfield code="a">Biblioteca nazionale Vittorio Emanuele III. Napoli</subfield>
    <subfield code="z">MUTILO</subfield>
    <subfield code="1">NA0079</subfield>
    <subfield code="2">NAP BN</subfield>
  </datafield>
  <datafield tag="899" ind1=" " ind2=" ">
    <subfield code="a">Biblioteca Palatina. Parma</subfield>
    <subfield code="z">MUTILO</subfield>
    <subfield code="1">PR0072</subfield>
    <subfield code="2">PAR PA</subfield>
  </datafield>
</record>
</collection>
